@book{Burris_Sankappanavar_1981, 
place={New York; Heidelberg; Berlin}, 
title={A course in universal algebra}, 
olume={78}, ISBN={0-387-90578-2}, 
note={Bibliografija: str. 257-265}, 
publisher={Springer}, 
author={Burris, Stanley and Sankappanavar, H. P.}, 
year={1981}, 
pages={XVI, 276} }